%% LaTeX2e file `mybib.bib'
%% generated by the `filecontents' environment
%% from source `report' on 2016/03/13.
%%
@article{tarjan1972depth,
  title={Depth-first search and linear graph algorithms},
  author={Tarjan, Robert},
  journal={SIAM journal on computing},
  volume={1},
  number={2},
  pages={146--160},
  year={1972},
  publisher={SIAM}
}

@article{ford1956maximal,
  title={Maximal flow through a network},
  author={Ford, Lester R and Fulkerson, Delbert R},
  journal={Canadian journal of Mathematics},
  volume={8},
  number={3},
  pages={399--404},
  year={1956}
}

@inproceedings{regin1994filtering,
  title={A filtering algorithm for constraints of difference in CSPs},
  author={R{\'e}gin, Jean-Charles},
  booktitle={AAAI},
  volume={94},
  pages={362--367},
  year={1994}
}

@article{berge1957two,
  title={Two theorems in graph theory},
  author={Berge, Claude},
  journal={Proceedings of the National Academy of Sciences},
  volume={43},
  number={9},
  pages={842--844},
  year={1957},
  publisher={National Acad Sciences}
}

@article{haralick1980increasing,
  title={Increasing tree search efficiency for constraint satisfaction problems},
  author={Haralick, Robert M and Elliott, Gordon L},
  journal={Artificial intelligence},
  volume={14},
  number={3},
  pages={263--313},
  year={1980},
  publisher={Elsevier}
}

